<?xml version="1.0" encoding="UTF-8"?>
<record xmlns="http://www.loc.gov/MARC21/slim" xmlns:zs="http://docs.oasis-open.org/ns/search-ws/sruResponse">
 <leader>
  06805cjcaa22011657a 4500
 </leader>
 <controlfield tag="001">
  16044993
 </controlfield>
 <controlfield tag="005">
  20200601161619.0
 </controlfield>
 <controlfield tag="007">
  st ||ncm|||n|e
 </controlfield>
 <controlfield tag="007">
  st ||ndm|||n|e
 </controlfield>
 <controlfield tag="007">
  st ||nbm|||n|e
 </controlfield>
 <controlfield tag="008">
  100107i19561970dcufm||             eng
 </controlfield>
 <datafield ind1=" " ind2=" " tag="906">
  <subfield code="a">
   7
  </subfield>
  <subfield code="b">
   cbc
  </subfield>
  <subfield code="c">
   orignew
  </subfield>
  <subfield code="d">
   u
  </subfield>
  <subfield code="e">
   ncip
  </subfield>
  <subfield code="f">
   20
  </subfield>
  <subfield code="g">
   y-folklife
  </subfield>
 </datafield>
 <datafield ind1=" " ind2=" " tag="955">
  <subfield code="a">
   mkru 2010-01-07;
  </subfield>
  <subfield code="a">
   mseg 2013-01-07
  </subfield>
  <subfield code="a">
   mkru 2017-12-15
  </subfield>
  <subfield code="a">
   masmit 2020-06-01
  </subfield>
  <subfield code="a">
   kere 2020-06-01
  </subfield>
 </datafield>
 <datafield ind1=" " ind2=" " tag="010">
  <subfield code="a">
   2010655303
  </subfield>
 </datafield>
 <datafield ind1="2" ind2="0" tag="033">
  <subfield code="a">
   1956----
  </subfield>
  <subfield code="a">
   1970----
  </subfield>
 </datafield>
 <datafield ind1=" " ind2=" " tag="040">
  <subfield code="a">
   DLC
  </subfield>
  <subfield code="c">
   DLC
  </subfield>
  <subfield code="e">
   dacs
  </subfield>
  <subfield code="d">
   DLC
  </subfield>
 </datafield>
 <datafield ind1=" " ind2=" " tag="043">
  <subfield code="a">
   n-us-dc
  </subfield>
  <subfield code="a">
   n-us---
  </subfield>
 </datafield>
 <datafield ind1=" " ind2=" " tag="090">
  <subfield code="a">
   RAA 54525-54548; RXG 0812; RXG 0693-0823
  </subfield>
 </datafield>
 <datafield ind1=" " ind2=" " tag="090">
  <subfield code="a">
   AFC 1975/001
  </subfield>
 </datafield>
 <datafield ind1="0" ind2="0" tag="245">
  <subfield code="a">
   John and Ginny Dildine collection
  </subfield>
  <subfield code="h">
   [sound recording].
  </subfield>
 </datafield>
 <datafield ind1=" " ind2=" " tag="260">
  <subfield code="c">
   1956-1970.
  </subfield>
 </datafield>
 <datafield ind1=" " ind2=" " tag="300">
  <subfield code="a">
   175 items.
  </subfield>
 </datafield>
 <datafield ind1=" " ind2=" " tag="300">
  <subfield code="a">
   119 sound tape reels :
  </subfield>
  <subfield code="b">
   analog ;
  </subfield>
  <subfield code="c">
   7 in.
  </subfield>
 </datafield>
 <datafield ind1=" " ind2=" " tag="300">
  <subfield code="a">
   24 sound tape reels :
  </subfield>
  <subfield code="b">
   analog ;
  </subfield>
  <subfield code="c">
   10 in.
  </subfield>
 </datafield>
 <datafield ind1=" " ind2=" " tag="300">
  <subfield code="a">
   12 sound tape reels :
  </subfield>
  <subfield code="b">
   analog ;
  </subfield>
  <subfield code="c">
   5 in.
  </subfield>
 </datafield>
 <datafield ind1=" " ind2=" " tag="300">
  <subfield code="3">
   manuscripts
  </subfield>
  <subfield code="a">
   1
  </subfield>
  <subfield code="f">
   folder.
  </subfield>
 </datafield>
 <datafield ind1="0" ind2=" " tag="511">
  <subfield code="a">
   Various performers, including the New Lost City Ramblers, Mike Seeger, Bob Beers, Evelyne Beers, Tom Paley, Tossi Aaron, Hutch Morris, Jack Tottle, Tom Roth, Sam Anderson, John Cohen, Roger D. Abrahams, Carolyn Hester, Pete Seeger, Dave Sear, Richard Farina, Paul Clayton, Peggy Seeger, Dillard Brothers, Bill Roberts (William M. Roberts), Charlotte Daniels and Pat Webb, Jim Kweskin, Judy Collins, Joe Hickerson, Mississippi John Hurt, Skip James, the Clancy Brothers, Seamus Ennis, Norman Kennedy, Guy Carawan, Sandy Paton, Michael Cooney, Don Leace, Brownie McGhee and Sonny Terry, Rev. Robert Wilkens, Dave Macon, Dave Van Ronk, Joe Glazer, John Dildine, Ginny Dildine, Howard Mitchell, Chuck and Nan Perdue, George and Jean Foss, among others.  Performers at the Fox Hollow Folk Festivals include: Jean Ritchie, Louis Killen, Steve Gillette, Rosalie Sorrells, the Beers family, Michael Cooney, Mike Seeger, Owen McBride, Bonnie Dobson, Jean Redpath, Andy Wallace, Bessie Jones, Jeannie Robertson, Harry Tuft, Ed Trickett, the Pennywhistlers, and others.
  </subfield>
 </datafield>
 <datafield ind1=" " ind2=" " tag="518">
  <subfield code="a">
   Recorded by John R. Dildine; some recordings were made by others including Peter Weston, who recorded Peggy Seeger and the Dillard Brothers in St. Louis, Missouri, in 1961 and 1962.
  </subfield>
 </datafield>
 <datafield ind1=" " ind2=" " tag="520">
  <subfield code="a">
   Collection of sound recordings of Washington, D.C. area folk music radio programs on WASH and WAMU-FM, hosted by John Dildine, with live interviews, and featuring some previously recorded selections. The collection also includes sound recordings of concerts, folk festivals (including selections from the Fox Hollow Folk Festival, 1968 and 1969) and other folk music events in Maryland; Virginia; St. Louis, Missouri; New York state, and other locations. Collection includes performances and interviews with well known musicians from the United States, Great Britain, Scotland, and Ireland; plus a few shows featuring recordings of music from Kenya and from India. Some items are dubs of commercial recordings.
  </subfield>
 </datafield>
 <datafield ind1="8" ind2=" " tag="524">
  <subfield code="a">
   John and Ginny Dildine collection (AFC 1975/001), Archive of Folk Culture, American Folklife Center, Library of Congress, Washington, D.C.
  </subfield>
 </datafield>
 <datafield ind1=" " ind2=" " tag="540">
  <subfield code="a">
   Duplication of sound recordings may be governed by copyright and other restrictions.
  </subfield>
 </datafield>
 <datafield ind1="0" ind2=" " tag="506">
  <subfield code="a">
   Collection is open for research. To request materials, please contact the Folklife Reading Room at
  </subfield>
  <subfield code="u">
   http://hdl.loc.gov/loc.afc/folklife.contact
  </subfield>
 </datafield>
 <datafield ind1=" " ind2=" " tag="530">
  <subfield code="a">
   Digital preservation partially completed.
  </subfield>
 </datafield>
 <datafield ind1=" " ind2=" " tag="541">
  <subfield code="a">
   John and Ginny Dildine;
  </subfield>
  <subfield code="c">
   Donation;
  </subfield>
  <subfield code="d">
   1975.
  </subfield>
 </datafield>
 <datafield ind1="0" ind2=" " tag="555">
  <subfield code="a">
   Finding aid is available online
  </subfield>
  <subfield code="u">
   https://hdl.loc.gov/loc.afc/eadafc.af020004
  </subfield>
 </datafield>
 <datafield ind1="1" ind2="0" tag="600">
  <subfield code="a">
   Seeger, Pete,
  </subfield>
  <subfield code="d">
   1919-2014
  </subfield>
  <subfield code="v">
   Interviews.
  </subfield>
 </datafield>
 <datafield ind1="1" ind2="0" tag="600">
  <subfield code="a">
   Kweskin, Jim,
  </subfield>
  <subfield code="v">
   Interviews.
  </subfield>
 </datafield>
 <datafield ind1="1" ind2="0" tag="600">
  <subfield code="a">
   Terry, Sonny
  </subfield>
  <subfield code="v">
   Interviews.
  </subfield>
 </datafield>
 <datafield ind1="1" ind2="0" tag="600">
  <subfield code="a">
   McGhee, Brownie,
  </subfield>
  <subfield code="d">
   1915-1996,
  </subfield>
  <subfield code="v">
   Interviews.
  </subfield>
 </datafield>
 <datafield ind1="1" ind2="0" tag="600">
  <subfield code="a">
   Paley, Tom,
  </subfield>
  <subfield code="v">
   Interviews.
  </subfield>
 </datafield>
 <datafield ind1=" " ind2="0" tag="650">
  <subfield code="a">
   Folk music
  </subfield>
  <subfield code="z">
   United States.
  </subfield>
 </datafield>
 <datafield ind1=" " ind2="0" tag="650">
  <subfield code="a">
   Folk music
  </subfield>
  <subfield code="z">
   Washington (D.C.)
  </subfield>
 </datafield>
 <datafield ind1=" " ind2="0" tag="650">
  <subfield code="a">
   Folk music
  </subfield>
  <subfield code="z">
   Ireland.
  </subfield>
 </datafield>
 <datafield ind1=" " ind2="0" tag="650">
  <subfield code="a">
   Folk music
  </subfield>
  <subfield code="z">
   Scotland.
  </subfield>
 </datafield>
 <datafield ind1=" " ind2="0" tag="650">
  <subfield code="a">
   Folk music
  </subfield>
  <subfield code="z">
   England.
  </subfield>
 </datafield>
 <datafield ind1=" " ind2="0" tag="650">
  <subfield code="a">
   Folk music
  </subfield>
  <subfield code="z">
   Kenya.
  </subfield>
 </datafield>
 <datafield ind1=" " ind2="0" tag="650">
  <subfield code="a">
   Folk music
  </subfield>
  <subfield code="z">
   India.
  </subfield>
 </datafield>
 <datafield ind1=" " ind2="0" tag="650">
  <subfield code="a">
   Folk songs, English.
  </subfield>
 </datafield>
 <datafield ind1=" " ind2="0" tag="650">
  <subfield code="a">
   Ballads, English.
  </subfield>
 </datafield>
 <datafield ind1=" " ind2="0" tag="650">
  <subfield code="a">
   Blues (Music)
  </subfield>
 </datafield>
 <datafield ind1=" " ind2="0" tag="650">
  <subfield code="a">
   Bluegrass music.
  </subfield>
 </datafield>
 <datafield ind1=" " ind2="0" tag="650">
  <subfield code="a">
   Old-time music.
  </subfield>
 </datafield>
 <datafield ind1=" " ind2="0" tag="650">
  <subfield code="a">
   Working class
  </subfield>
  <subfield code="v">
   Songs and music.
  </subfield>
 </datafield>
 <datafield ind1=" " ind2="0" tag="650">
  <subfield code="a">
   Popular music
  </subfield>
  <subfield code="z">
   United States
  </subfield>
  <subfield code="y">
   1951-1960.
  </subfield>
 </datafield>
 <datafield ind1=" " ind2="0" tag="650">
  <subfield code="a">
   Popular music
  </subfield>
  <subfield code="z">
   United States
  </subfield>
  <subfield code="y">
   1961-1970.
  </subfield>
 </datafield>
 <datafield ind1=" " ind2="0" tag="650">
  <subfield code="a">
   Popular music
  </subfield>
  <subfield code="z">
   United States
  </subfield>
  <subfield code="y">
   1971-1980.
  </subfield>
 </datafield>
 <datafield ind1=" " ind2="0" tag="650">
  <subfield code="a">
   Folk festivals
  </subfield>
  <subfield code="z">
   United States.
  </subfield>
 </datafield>
 <datafield ind1=" " ind2="0" tag="651">
  <subfield code="a">
   Washington (D.C.)
  </subfield>
 </datafield>
 <datafield ind1=" " ind2="7" tag="655">
  <subfield code="a">
   Radio interviews.
  </subfield>
  <subfield code="2">
   lcgft
  </subfield>
 </datafield>
 <datafield ind1=" " ind2="7" tag="655">
  <subfield code="a">
   Folk music radio programs.
  </subfield>
  <subfield code="2">
   lcgft
  </subfield>
 </datafield>
 <datafield ind1=" " ind2="7" tag="655">
  <subfield code="a">
   Radio airchecks.
  </subfield>
  <subfield code="2">
   lcgft
  </subfield>
 </datafield>
 <datafield ind1="1" ind2=" " tag="700">
  <subfield code="a">
   Dildine, John,
  </subfield>
  <subfield code="e">
   collector,
  </subfield>
  <subfield code="e">
   interviewer,
  </subfield>
  <subfield code="e">
   performer.
  </subfield>
 </datafield>
 <datafield ind1="1" ind2=" " tag="700">
  <subfield code="a">
   Dildine, Ginny,
  </subfield>
  <subfield code="e">
   collector,
  </subfield>
  <subfield code="e">
   performer.
  </subfield>
 </datafield>
 <datafield ind1="1" ind2=" " tag="700">
  <subfield code="a">
   Aaron, Tossi,
  </subfield>
  <subfield code="e">
   performer,
  </subfield>
  <subfield code="e">
   interviewee.
  </subfield>
 </datafield>
 <datafield ind1="1" ind2=" " tag="700">
  <subfield code="a">
   Abrahams, Roger D.,
  </subfield>
  <subfield code="e">
   performer.
  </subfield>
 </datafield>
 <datafield ind1="1" ind2=" " tag="700">
  <subfield code="a">
   Beers, Bob,
  </subfield>
  <subfield code="d">
   1920-1972,
  </subfield>
  <subfield code="e">
   performer.
  </subfield>
 </datafield>
 <datafield ind1="1" ind2=" " tag="700">
  <subfield code="a">
   Beers, Evelyne,
  </subfield>
  <subfield code="e">
   performer.
  </subfield>
 </datafield>
 <datafield ind1="1" ind2=" " tag="700">
  <subfield code="a">
   Carawan, Guy,
  </subfield>
  <subfield code="e">
   performer.
  </subfield>
 </datafield>
 <datafield ind1="1" ind2=" " tag="700">
  <subfield code="a">
   Clayton, Paul,
  </subfield>
  <subfield code="d">
   1931-1967,
  </subfield>
  <subfield code="e">
   performer.
  </subfield>
 </datafield>
 <datafield ind1="1" ind2=" " tag="700">
  <subfield code="a">
   Cohen, John,
  </subfield>
  <subfield code="d">
   1932-2019,
  </subfield>
  <subfield code="e">
   performer.
  </subfield>
 </datafield>
 <datafield ind1="1" ind2=" " tag="700">
  <subfield code="a">
   Collins, Judy,
  </subfield>
  <subfield code="d">
   1939-
  </subfield>
  <subfield code="e">
   interviewee.
  </subfield>
 </datafield>
 <datafield ind1="1" ind2=" " tag="700">
  <subfield code="a">
   Damron, Allen Wayne,
  </subfield>
  <subfield code="e">
   performer.
  </subfield>
 </datafield>
 <datafield ind1="1" ind2=" " tag="700">
  <subfield code="a">
   Daniels, Charlotte,
  </subfield>
  <subfield code="e">
   performer.
  </subfield>
 </datafield>
 <datafield ind1="1" ind2=" " tag="700">
  <subfield code="a">
   Ennis, Seamus,
  </subfield>
  <subfield code="e">
   performer.
  </subfield>
 </datafield>
 <datafield ind1="1" ind2=" " tag="700">
  <subfield code="a">
   Fariña, Richard,
  </subfield>
  <subfield code="e">
   performer.
  </subfield>
 </datafield>
 <datafield ind1="1" ind2=" " tag="700">
  <subfield code="a">
   Foss, George,
  </subfield>
  <subfield code="e">
   performer.
  </subfield>
 </datafield>
 <datafield ind1="1" ind2=" " tag="700">
  <subfield code="a">
   Hedin, Carol,
  </subfield>
  <subfield code="e">
   performer.
  </subfield>
 </datafield>
 <datafield ind1="1" ind2=" " tag="700">
  <subfield code="a">
   Hester, Carolyn,
  </subfield>
  <subfield code="e">
   performer.
  </subfield>
 </datafield>
 <datafield ind1="1" ind2=" " tag="700">
  <subfield code="a">
   Hurt, Mississippi John,
  </subfield>
  <subfield code="d">
   1892-1966,
  </subfield>
  <subfield code="e">
   performer.
  </subfield>
 </datafield>
 <datafield ind1="1" ind2=" " tag="700">
  <subfield code="a">
   Kennedy, Norman,
  </subfield>
  <subfield code="d">
   1934-
  </subfield>
  <subfield code="e">
   performer.
  </subfield>
 </datafield>
 <datafield ind1="1" ind2=" " tag="700">
  <subfield code="a">
   McGhee, Brownie,
  </subfield>
  <subfield code="d">
   1915-1996,
  </subfield>
  <subfield code="e">
   performer.
  </subfield>
 </datafield>
 <datafield ind1="1" ind2=" " tag="700">
  <subfield code="a">
   Paley, Tom,
  </subfield>
  <subfield code="e">
   performer,
  </subfield>
  <subfield code="e">
   interviewee.
  </subfield>
 </datafield>
 <datafield ind1="1" ind2=" " tag="700">
  <subfield code="a">
   Paton, Sandy,
  </subfield>
  <subfield code="e">
   performer.
  </subfield>
 </datafield>
 <datafield ind1="1" ind2=" " tag="700">
  <subfield code="a">
   Perdue, Charles L.,
  </subfield>
  <subfield code="d">
   1930-2010,
  </subfield>
  <subfield code="e">
   performer,
  </subfield>
  <subfield code="e">
   interviewee.
  </subfield>
 </datafield>
 <datafield ind1="1" ind2=" " tag="700">
  <subfield code="a">
   Martin-Perdue, Nancy J.,
  </subfield>
  <subfield code="e">
   performer,
  </subfield>
  <subfield code="e">
   interviewee.
  </subfield>
 </datafield>
 <datafield ind1="1" ind2=" " tag="700">
  <subfield code="a">
   Sear, Dave,
  </subfield>
  <subfield code="e">
   performer.
  </subfield>
 </datafield>
 <datafield ind1="1" ind2=" " tag="700">
  <subfield code="a">
   Seeger, Mike,
  </subfield>
  <subfield code="d">
   1933-2009,
  </subfield>
  <subfield code="e">
   performer,
  </subfield>
  <subfield code="e">
   interviewee.
  </subfield>
 </datafield>
 <datafield ind1="1" ind2=" " tag="700">
  <subfield code="a">
   Seeger, Peggy,
  </subfield>
  <subfield code="d">
   1935-
  </subfield>
  <subfield code="e">
   performer.
  </subfield>
 </datafield>
 <datafield ind1="1" ind2=" " tag="700">
  <subfield code="a">
   Terry, Sonny,
  </subfield>
  <subfield code="e">
   performer.
  </subfield>
 </datafield>
 <datafield ind1="1" ind2=" " tag="700">
  <subfield code="a">
   Von Schmidt, Eric,
  </subfield>
  <subfield code="e">
   performer.
  </subfield>
 </datafield>
 <datafield ind1="1" ind2=" " tag="700">
  <subfield code="a">
   Wilkins, Robert,
  </subfield>
  <subfield code="d">
   1896-1987,
  </subfield>
  <subfield code="e">
   performer.
  </subfield>
 </datafield>
 <datafield ind1="2" ind2=" " tag="710">
  <subfield code="a">
   WASH-FM (Radio station : Washington, D.C.)
  </subfield>
 </datafield>
 <datafield ind1="2" ind2=" " tag="710">
  <subfield code="a">
   WAMU-FM (Radio station : Washington, D.C.)
  </subfield>
 </datafield>
 <datafield ind1="2" ind2=" " tag="710">
  <subfield code="a">
   New Lost City Ramblers,
  </subfield>
  <subfield code="e">
   performer.
  </subfield>
 </datafield>
 <datafield ind1="2" ind2=" " tag="711">
  <subfield code="a">
   Annual Fox Hollow Festival of Traditional Music and Arts.
  </subfield>
 </datafield>
 <datafield ind1="2" ind2=" " tag="711">
  <subfield code="a">
   Fox Hollow Folk Festival.
  </subfield>
 </datafield>
 <datafield ind1=" " ind2=" " tag="852">
  <subfield code="a">
   Library of Congress
  </subfield>
  <subfield code="b">
   Archive of Folk Culture, American Folklife Center,
  </subfield>
  <subfield code="e">
   101 Independence Ave. S.E., Washington, DC USA 20540-4610
  </subfield>
  <subfield code="u">
   http://hdl.loc.gov/loc.afc/folklife.home
  </subfield>
 </datafield>
 <datafield ind1="4" ind2="2" tag="856">
  <subfield code="3">
   Finding aid
  </subfield>
  <subfield code="u">
   https://hdl.loc.gov/loc.afc/eadafc.af020004
  </subfield>
 </datafield>
 <datafield ind1=" " ind2=" " tag="985">
  <subfield code="a">
   afc/ead
  </subfield>
 </datafield>
 <datafield ind1=" " ind2=" " tag="985">
  <subfield code="a">
   afc/coll
  </subfield>
 </datafield>
</record>
